@book{har75,
  title={Clustering Algorithms},
  author={Hartigan, J.},
  publisher={John Wiley \& Sons},
  year={1975}
}

@article{gon85,
  title={Clustering to minimize the maximum intercluster distance},
  author={Gonzalez, T.},
  journal={Theoretical Computer Science},
  volume={38},
  pages={293--306},
  year={1985},
  publisher={Elsevier}
}

@book{das2008,
  title={The hardness of $k$-means clustering},
  author={Dasgupta, S.},
  year={2008},
  publisher={Department of Computer Science and Engineering, University of California, San Diego}
}

@inproceedings{art2007,
  title={$k$-means++: The advantages of careful seeding},
  author={Arthur, David and Vassilvitskii, Sergei},
  booktitle={Proceedings of the eighteenth annual ACM-SIAM symposium on Discrete algorithms},
  pages={1027--1035},
  year={2007},
  organization={Society for Industrial and Applied Mathematics}
}

@article{kan2004,
  title={A local search approximation algorithm for k-means clustering},
  author={Kanungo, Tapas and Mount, David M and Netanyahu, Nathan S and Piatko, Christine D and Silverman, Ruth and Wu, Angela Y},
  journal={Computational Geometry},
  volume={28},
  number={2-3},
  pages={89--112},
  year={2004},
  publisher={Elsevier}
}

@book{cor2009,
  title={Introduction to algorithms},
  author={Cormen, Thomas H and Leiserson, Charles E and Rivest, Ronald L and Stein, Clifford},
  year={2009},
  publisher={MIT press}
}

@misc{af10,
  title = {Slick proof? A vector space has the same dimension as its dual if and only if it is finite dimensional},
  author = {Ferretti, A.},
  howpublished = "MathOverflow",
  year = {2010},
  note = "Accessed 22 July 2018 @ \href{https://mathoverflow.net/questions/13322/}{link}"
}