@article{vlux07,
  title={A tutorial on spectral clustering},
  author={Von Luxburg, U.},
  journal={Statistics and computing},
  pages={395--416},
  year={2007}
}

@inproceedings{che69,
  title={A lower bound for the smallest eigenvalue of the Laplacian},
  author={Cheeger, J.},
  booktitle={Proceedings of the Princeton conference in honor of Professor S. Bochner},
  pages={195--199},
  year={1969}
}